<record><leader>00000cas a22000007a 4500</leader><controlfield tag="001">57930913</controlfield><controlfield tag="008">050302c20059999inuwn ne      0    0eng d</controlfield><datafield ind1=" " ind2=" " tag="010"><subfield code="a">sn2005062611</subfield></datafield><datafield ind1=" " ind2=" " tag="040"><subfield code="a">NPI</subfield><subfield code="b">eng</subfield><subfield code="c">NPI</subfield><subfield code="d">OCLCF</subfield><subfield code="d">OCLCO</subfield></datafield><datafield ind1="1" ind2=" " tag="029"><subfield code="a">AU@</subfield><subfield code="b">000026762253</subfield></datafield><datafield ind1=" " ind2=" " tag="042"><subfield code="a">msc</subfield></datafield><datafield ind1=" " ind2=" " tag="043"><subfield code="a">n-us-in</subfield></datafield><datafield ind1="0" ind2=" " tag="130"><subfield code="a">Tribune (Fortville, Ind.)</subfield></datafield><datafield ind1="1" ind2="0" tag="245"><subfield code="a">Tribune.</subfield></datafield><datafield ind1="2" ind2=" " tag="246"><subfield code="a">Fortville McCordsville tribune</subfield></datafield><datafield ind1="3" ind2=" " tag="246"><subfield code="a">Fortville/McCordsville tribune</subfield></datafield><datafield ind1="1" ind2="3" tag="246"><subfield code="a">Tribune</subfield></datafield><datafield ind1="1" ind2="7" tag="246"><subfield code="a">Tribune</subfield></datafield><datafield ind1=" " ind2=" " tag="260"><subfield code="a">Fortville, Ind. :</subfield><subfield code="b">Cox Pub.,</subfield><subfield code="c">2005-</subfield></datafield><datafield ind1=" " ind2=" " tag="300"><subfield code="a">v. :</subfield><subfield code="b">ill. ;</subfield><subfield code="c">43 cm.</subfield></datafield><datafield ind1=" " ind2=" " tag="310"><subfield code="a">Weekly (except Christmas week)</subfield></datafield><datafield ind1="0" ind2=" " tag="362"><subfield code="a">Vol. 1, issue 1 (Feb. 23, 2005)-</subfield></datafield><datafield ind1=" " ind2=" " tag="500"><subfield code="a">At head of title: The Fortville/McCordsville.</subfield></datafield><datafield ind1=" " ind2="0" tag="651"><subfield code="a">Fortville (Ind.)</subfield><subfield code="v">Newspapers.</subfield></datafield><datafield ind1=" " ind2="0" tag="651"><subfield code="a">McCordsville (Ind.)</subfield><subfield code="v">Newspapers.</subfield></datafield><datafield ind1=" " ind2="7" tag="655"><subfield code="a">Newspapers.</subfield><subfield code="2">fast</subfield><subfield code="0">(OCoLC)fst01423814</subfield></datafield><datafield ind1=" " ind2="7" tag="651"><subfield code="a">Indiana</subfield><subfield code="z">Fortville.</subfield><subfield code="2">fast</subfield><subfield code="0">(OCoLC)fst01210933</subfield></datafield><datafield ind1=" " ind2="7" tag="651"><subfield code="a">Indiana</subfield><subfield code="z">McCordsville.</subfield><subfield code="2">fast</subfield><subfield code="0">(OCoLC)fst01210939</subfield></datafield><datafield ind1=" " ind2=" " tag="752"><subfield code="a">United States</subfield><subfield code="b">Indiana</subfield><subfield code="c">Hancock</subfield><subfield code="d">Fortville.</subfield></datafield><datafield ind1="0" ind2="0" tag="780"><subfield code="t">Community shopper (Fortville, Ind.)</subfield><subfield code="w">(DLC)sn 00065010</subfield></datafield></record>